@Misc{Arppe:Jarvikivi:02,
  key =       {Arppe:Jarvikivi:02},
  author =    {Arppe, Antti and J{\"a}rvikivi, Juhani},
  title =     {Verbal Synonymy in Practice: Combining Corpus-Based and Psycholinguistic Evidence},
  howpublished = {Presentation at the Workshop on Quantitative Investigations in Theoretical Linguistics (QITL-1)},
address = {Osnabr{\"u}ck, Germany},
  year =      2002}

@article{Arppe:Jarvikivi:07,
	Author = {Arppe, Antti and J{\"a}rvikivi, Juhani},
	Journal = {Corpus Linguistics and Linguistic Theory},
	Number = {2},
	Pages = {131--159},
	Title = {Every method counts: Combining corpus-based and experimental evidence in the study of synonymy},
	Volume = {3},
	Year = {2007}}

@manual{Arppe:etc:14,
	Author = {Arppe, Antti and Hendrix, Peter and Milin, Petar and Baayen, R. Harald and Shaoul, Cyrus},
	Title = {ndl: Naive Discriminative Learning},
        Note = {R package version 0.2.16},
	Year = {2014}}

@article{Baayen:11,
	Author = {Baayen, R. Harald},
	Journal = {Brazilian Journal of Applied Linguistics},
	Pages = {295--328},
	Title = {Corpus linguistics and naive discriminative learning},
	Volume = {11},
	Year = {2011}}

@article{Baayen:etc:11,
	Author = {Baayen, R. Harald and Milin, Petar and Đurđevi{\'c}, Dusica Filipovi{\'c} and Hendrix, Peter and Marelli, Marco},
	Journal = {Psychological Review},
	Number = {3},
	Pages = {438--81},
	Title = {An amorphous model for morphological processing in visual comprehension based on naive discriminative learning},
	Volume = {118},
	Year = {2011}}

@book{Bishop:06,
	Author = {Bishop, Christopher M.},
	Publisher = {Springer},
	Title = {Pattern Recognition and Machine Learning},
	Year = {2006}}

@article{Danks:03,
	Author = {Danks, David},
	Journal = {Journal of Mathematical Psychology},
	Pages = {109--121},
	Title = {Equilibria of the {Rescorla}-{Wagner} model},
	Volume = {47},
	Year = {2003}}

@article{Dawson:08,
	Author = {Dawson, Michael R. W.},
	Journal = {Comparative Cognition \& Behavior Reviews},
	Title = {Connectionism and Classical Conditioning},
	Volume = {3},
	Year = {2008}}

@article{Gluck:Bower:88,
	Author = {Gluck, Mark A. and Bower, Gordon H.},
	Journal = {Journal of Experimental Psychology: General},
	Number = {3},
	Pages = {227--247},
	Title = {From Conditioning to Category Learning: An Adaptive Network Model},
	Volume = {117},
	Year = {1988}}

@article{Miller:Barnet:Grahame:95,
	Author = {Miller, Ralph C. and Barnet, Robert C. and Grahame, Nicholas J.},
	Journal = {Psychological Bulletin},
	Number = {3},
	Pages = {363--386},
	Title = {Assessment of the {Rescorla-Wagner} Model},
	Volume = {117},
	Year = {1995}}

@manual{R:15,
	Address = {Vienna, Austria},
	Author = {{R Development Core Team}},
	Organization = {R Foundation for Statistical Computing},
	Title = {R: A Language and Environment for Statistical Computing},
	Year = 2015}

@incollection{Rescorla:Wagner:72,
	Address = {New York},
	Author = {Rescorla, Robert A. and Wagner, Allen R.},
	Booktitle = {Classical Conditioning II: Current Research and Theory},
	Chapter = {3},
	Editor = {Black, A. H. and Prokasy, W. F.},
	Pages = {64--99},
	Publisher = {Appleton-Century-Crofts},
	Title = {A Theory of {Pavlovian} Conditioning: Variations in the Effectiveness of Reinforcement and Nonreinforcement},
	Year = {1972}}

@article{Rosenblatt:58,
	Author = {Rosenblatt, Frank},
	Journal = {Psychological Review},
	Number = {6},
	Pages = {386--408},
	Title = {The Perceptron: A Probabilistic Model for Information Storage and Organization in The Brain},
	Volume = {65},
	Year = {1958}}

@incollection{Stone:86,
	Address = {Cambridge, MA},
	Author = {Stone, G. O.},
	Booktitle = {Parallel Distributed Processing: Explorations in the Microstructure of Cognition, Vol. 1: Foundations},
	Chapter = {11},
	Editor = {Rumelhart, David E. and McClelland, James L.},
	Pages = {444--459},
	Publisher = {MIT Press},
	Title = {An Analysis of the Delta Rule and the Learning of Statistical Associations},
	Year = {1986}}

@article{Sutton:Barto:81,
	Author = {Sutton, Richard S. and Barto, Andrew G.},
	Journal = {Psychological Review},
	Number = {2},
	Pages = {135--170},
	Title = {Toward a Modern Theory of Adaptive Networks: Expectation and Prediction},
	Volume = {88},
	Year = {1981}}

@inproceedings{Widrow:Hoff:60,
	Address = {New York},
	Author = {Widrow, Bernard and Hoff, Marcian E.},
	Booktitle = {IRE WESCON Convention Record},
	Pages = {96--104},
	Publisher = {IRE},
	Title = {Adaptive Switching Circuits},
	Year = {1960}}
